@misc{GW:14,
    title={Ethereum: A Secure Decentralised Generalised Transaction Ledger},
    author={Wood, Gavin},
    year={2014},
    howpublished={\url{https://ethereum.github.io/yellowpaper/paper.pdf}}
}

@misc{buterin2014ethereum,
  title={Ethereum Whitepaper},
  author={Buterin, Vitalik},
  year={2014},
  howpublished={\url{https://ethereum.org/whitepaper/}},
  note={Accessed: 2023-05-05}
}

@inproceedings{FV:17,
    title={Address Clustering in Ethereum},
    author={Victor, Friedhelm},
    booktitle={International Conference on Financial Cryptography and Data Security},
    year={2017},
    organization={Springer},
    pages={201--212},
    doi={10.1007/978-3-319-70278-0_14}
}

@inproceedings{SM:13,
    title={A fistful of bitcoins: characterizing payments among men with no names},
    author={Meiklejohn, Sarah and Pomarole, Marjori and Jordan, Grant and Levchenko, Kirill and McCoy, Damon and Voelker, Geoffrey M and Savage, Stefan},
    booktitle={Proceedings of the 2013 Conference on Internet Measurement Conference},
    year={2013},
    organization={ACM},
    pages={127--140},
    doi={10.1145/2504730.2504747}
}

@misc{decentraland_whitepaper,
    title={Decentraland: A blockchain-based virtual world},
    author={Ordano, Esteban and Meilich, Ariel and Jardi, Yemel and Araoz, Manuel},
    year={2017},
    howpublished={\url{https://decentraland.org/whitepaper.pdf}}
}

@misc{erc20,
  title={EIP-20: ERC-20 Token Standard},
  author={Fabian Vogelsteller and Vitalik Buterin},
  year={2015},
  howpublished={\url{https://eips.ethereum.org/EIPS/eip-20}},
  note={Accessed: 2023-05-05}
}

@misc{erc721,
  title={EIP-721: ERC-721 Non-Fungible Token Standard},
  author={William Entriken and Dieter Shirley and Jacob Evans and Nastassia Sachs},
  year={2018},
  howpublished={\url{https://eips.ethereum.org/EIPS/eip-721}},
  note={Accessed: 2023-05-05}
}

@misc{erc1155,
  title={EIP-1155: ERC-1155 Multi Token Standard},
  author={Witek Radomski and Andrew Cooke and Philippe Castonguay and James Therien and Eric Binet and Ronan Sandford},
  year={2018},
  howpublished={\url{https://eips.ethereum.org/EIPS/eip-1155}},
  note={Accessed: 2023-05-05}
}

@article{schaer2021defi,
  title={Decentralized finance: On blockchain-and smart contract-based financial markets},
  author={Sch{\"a}r, Fabian},
  journal={FRB of St. Louis Review},
  year={2021}
}

@article{roth2019tokenization,
  title={The Tokenization of Assets: Using Blockchains for Equity Crowdfunding},
  author={Roth, Jakob and Sch{\"a}r, Fabian and Sch{\"o}pfer, Aljoscha},
  year={2019},
  month={August},
  url={https://ssrn.com/abstract=3443382},
  doi={10.2139/ssrn.3443382}
}

@misc{solidity_docs,
  title={Solidity Documentation: Contracts},
  author={{Ethereum Foundation}},
  year={2021},
  howpublished={\url{https://docs.soliditylang.org/en/v0.8.19/contracts.html}},
  note={Accessed: 2023-05-05}
}

@misc{matic_whitepaper,
  title={Matic Whitepaper Version 1.1},
  author={Arjun, Anurag and Jaynti, Kanani and Sandeep Nailwal},
  year={2017},
  howpublished={\url{https://github.com/maticnetwork/whitepaper/}},
  note={Accessed: 2022-05-05}
}

@book{mastering_ethereum,
  title={Mastering Ethereum: Building Smart Contracts and DApps},
  author={Antonopoulos, Andreas M. and Wood, Gavin},
  year={2018},
  publisher={O'Reilly Media},
  isbn={978-1491971949},
}

@misc{eip1014,
  title={EIP-1014: Skinny CREATE2},
  author={Buterin, Vitalik},
  year={2018},
  howpublished={\url{https://eips.ethereum.org/EIPS/eip-1014}},
  note={Accessed: 2023-05-06}
}

@misc{dclestate,
  title = {Introducing LAND Estates},
  author = {Ari Meilich and Ariel Barmat and Christopher Chapman and Clark Kent and Daniel Belohlavek and Eric Schallock and Esteban Ordano and Federico Miras and Ignacio Mazzara and Juan Cazala and Nico Earnshaw and Tony Sheng and Trevor Waldorf},
  year = {2018},
  howpublished = {\url{https://decentraland.org/blog/announcements/introducing-land-estates}},
  note={Accessed: 2023-05-17}
}

@article{goldbergschaer,
title = {Metaverse governance: An empirical analysis of voting within Decentralized Autonomous Organizations},
journal = {Journal of Business Research},
volume = {160},
pages = {113764},
year = {2023},
issn = {0148-2963},
doi = {https://doi.org/10.1016/j.jbusres.2023.113764},
url = {https://www.sciencedirect.com/science/article/pii/S0148296323001224},
author = {Mitchell Goldberg and Fabian Schär},
keywords = {Attention economy, Blockchain, DAO, Governance, Metaverse, Web3}
}

@article{jourdan,
author       = {Marc Jourdan and
                  Sebastien Blandin and
                  Laura Wynter and
                  Pralhad Deshpande},
title        = {Characterizing Entities in the Bitcoin Blockchain},
journal      = {CoRR},
volume       = {abs/1810.11956},
year         = {2018},
url          = {http://arxiv.org/abs/1810.11956},
eprinttype    = {arXiv},
eprint       = {1810.11956},
timestamp    = {Wed, 31 Oct 2018 14:24:29 +0100},
biburl       = {https://dblp.org/rec/journals/corr/abs-1810-11956.bib},
bibsource    = {dblp computer science bibliography, https://dblp.org}
}

@InProceedings{FV:19,
author={Victor, Friedhelm and Lüders, Bianca Katharina},
editor={Goldberg, Ian and Moore, Tyler},
title={Measuring Ethereum-Based ERC20 Token Networks},
booktitle={Financial Cryptography and Data Security},
year={2019},
publisher={Springer International Publishing},
address={Cham},
pages={113--129},
isbn={978-3-030-32101-7}
}

@misc{casalebrunet2021,
title={Networks of Ethereum Non-Fungible Tokens: A graph-based analysis of the ERC-721 ecosystem}, 
author={S. Casale-Brunet and P. Ribeca and P. Doyle and M. Mattavelli},
year={2021},
eprint={2110.12545},
archivePrefix={arXiv},
primaryClass={cs.SI}
}

@misc{wrappingcomplexity,
      title={Decentralized Finance, Centralized Ownership? An Iterative Mapping Process to Measure Protocol Token Distribution}, 
      author={Matthias Nadler and Fabian Schär},
      year={2020},
      eprint={2012.09306},
      archivePrefix={arXiv},
      primaryClass={econ.GN}
}

@misc{polygon_meta_transactions,
    title = {Meta Transactions},
    author = {{Polygon Labs}},
    howpublished = {\url{https://wiki.polygon.technology/docs/develop/meta-transactions/meta-transactions/}},
    note = {Accessed: 2023-05-26},
    publisher = {Polygon Labs},
    year = {2023}
}

@misc{chainlink,
  title = {Top 6 Smart Contract Languages in 2023},
  author = {{Chainlink}},
  year = {2023},
  howpublished = {\url{https://chain.link/education-hub/smart-contract-programming-languages}},
  note = {Accessed on May 28, 2023}
}




